

@online{Horner,
	ALTauthor = {desconhecido},
	ALTeditor = {editor},
	title = {Hash functions for strings
	},
	date = {15/5/2021},
	url = {https://cseweb.ucsd.edu/~kube/cls/100/Lectures/lec16/lec16-12.html},
}
